%% This BibTeX bibliography file was created using BibDesk.

@misc{KAN,
      title={KAN: Kolmogorov-Arnold Networks}, 
      author={Ziming Liu and Yixuan Wang and Sachin Vaidya and Fabian Ruehle and James Halverson and Marin Soljačić and Thomas Y. Hou and Max Tegmark},
      year={2024},
      eprint={2404.19756},
      archivePrefix={arXiv},
      primaryClass={cs.LG},
      url={https://arxiv.org/abs/2404.19756}, 
}

@misc{KArevisited,
      title={The Kolmogorov-Arnold representation theorem revisited}, 
      author={Johannes Schmidt-Hieber},
      year={2021},
      eprint={2007.15884},
      archivePrefix={arXiv},
      primaryClass={cs.LG},
      url={https://arxiv.org/abs/2007.15884}, 
}

@article{KAtheorem,
  author = {Jürgen Braun and Michael Griebel},
  title = {On a Constructive Proof of Kolmogorov’s Superposition Theorem},
  journal = {Constructive Approximation},
  year = {2009},
  volume = {30},
  number = {3},
  pages = {653--675},
  month = {Dec},
  issn = {1432-0940},
  doi = {10.1007/s00365-009-9054-2},
  url = {https://doi.org/10.1007/s00365-009-9054-2}
}



@book{book1NAML,
    title={Deep Learning},
    author={Ian Goodfellow and Yoshua Bengio and Aaron Courville},
    publisher={MIT Press},
    note={\url{http://www.deeplearningbook.org}},
    year={2016}
}

@book{book2NAML,
  title={Linear Algebra and Learning from Data},
  author={Strang, G.},
  isbn={9780692196380},
  url={https://books.google.it/books?id=L0Y_wQEACAAJ},
  year={2019},
  publisher={Wellesley-Cambridge Press}
}

